@misc{wikipedia_huffman,
  author       = "{Wikipedia contributors}",
  title        = "{Huffman coding --- Wikipedia{,} The Free Encyclopedia}",
  year         = 2025,
  url          = {https://en.wikipedia.org/wiki/Huffman_coding},
  note         = "[Online; accessed 9-June-2025]"
}

@article{knuth1985dynamic,
  title={Dynamic huffman coding},
  author={Knuth, Donald E},
  journal={Journal of algorithms},
  volume={6},
  number={2},
  pages={163--180},
  year={1985},
  publisher={Elsevier}
}

@article{huffman1952method,
  title={A method for the construction of minimum-redundancy codes},
  author={Huffman, David A},
  journal={Proceedings of the IRE},
  volume={40},
  number={9},
  pages={1098--1101},
  year={1952},
  publisher={IEEE}
}

